@article{kitchenham:2002:preliminary,
  title={Preliminary guidelines for empirical research in software engineering},
  author={Kitchenham, Barbara A and Pfleeger, Shari Lawrence and Pickard, Lesley M and Jones, Peter W and Hoaglin, David C. and El Emam, Khaled and Rosenberg, Jarrett},
  journal={IEEE Transactions on software engineering},
  volume={28},
  number={8},
  pages={721--734},
  year={2002},
  publisher={IEEE}
}

@article{schwarz:2007:understanding,
  title={Understanding frameworks and reviews: a commentary to assist us in moving our field forward by analyzing our past},
  author={Schwarz, Andrew and Mehta, Manjari and Johnson, Norman and Chin, Wynne W},
  journal={ACM SIGMIS Database},
  volume={38},
  number={3},
  pages={29--50},
  year={2007},
  publisher={ACM}
}


@article{webster:2002:analyzing,
  title={Analyzing the past to prepare for the future: Writing a Literature Review},
  author={Webster, Jane and Watson, Richard T},
  journal={MIS quarterly},
  volume={26},
  number={2},
  pages={13--23},
  year={2002},
  publisher={JSTOR}
}


@article{rowe:2014:literature,
  title={What literature review is not: diversity, boundaries and recommendations},
  author={Rowe, Frantz},
  journal={European Journal of Information Systems},
  volume={23},
  number={3},
  pages={241--255},
  year={2014},
  publisher={Nature Publishing Group}
}


@article{leshem:2007:overlooking,
  title={Overlooking the conceptual framework},
  author={Leshem, Shosh and Trafford, Vernon},
  journal={Innovations in education and Teaching International},
  volume={44},
  number={1},
  pages={93--105},
  year={2007},
  publisher={Taylor \& Francis}
}


@article{moore:1991:development,
  title={Development of an instrument to measure the perceptions of adopting an information technology innovation},
  author={Moore, Gary C and Benbasat, Izak},
  journal={Information systems research},
  volume={2},
  number={3},
  pages={192--222},
  year={1991},
  publisher={INFORMS}
}


@article{norman:2010:likert,
  title={Likert scales, levels of measurement and the ``laws'' of statistics},
  author={Norman, Geoff},
  journal={Advances in health sciences education},
  volume={15},
  number={5},
  pages={625--632},
  year={2010},
  publisher={Springer}
}


@article{campbell:1959:convergent,
  title={Convergent and discriminant validation by the multitrait-multimethod matrix.},
  author={Campbell, Donald T and Fiske, Donald W},
  journal={Psychological bulletin},
  volume={56},
  number={2},
  pages={81},
  year={1959},
  publisher={American Psychological Association}
}


@inproceedings{marshall:2014:tools,
  title={Tools to support systematic reviews in software engineering: A feature analysis},
  author={Marshall, Christopher and Brereton, Pearl and Kitchenham, Barbara},
  booktitle={Proceedings of the 18th International Conference on Evaluation and Assessment in Software Engineering},
  pages={13},
  year={2014},
  organization={ACM}
}


@article{stavru:2014:critical,
  title={A critical examination of recent industrial surveys on agile method usage},
  author={Stavru, Stavros},
  journal={Journal of Systems and Software},
  volume={94},
  pages={87--97},
  year={2014},
  publisher={Elsevier}
}

@techreport{kasunic:2005:designing,
  title={Designing an effective survey},
  author={Kasunic, Mark},
  year={2005},
  institution={DTIC Document}
}

@article{pfleeger:2001:principles,
  title={Principles of survey research: part 1: turning lemons into lemonade},
  author={Pfleeger, Shari Lawrence and Kitchenham, Barbara A},
  journal={ACM SIGSOFT Software Engineering Notes},
  volume={26},
  number={6},
  pages={16--18},
  year={2001},
  publisher={ACM}
}


@article{guion:2002:triangulation,
  title={Triangulation: Establishing the validity of qualitative studies},
  author={Guion, Lisa Ann and Diehl, David and McDonald, Debra},
  year={2002},
  publisher={University of Florida Cooperative Extension Service, Institute of Food and Agricultural Sciences, EDIS}
}

@article{maclure:1987:misinterpretation,
  title={Misinterpretation and misuse of the kappa statistic},
  author={Maclure, Malcolm and Willett, Walter C},
  journal={American journal of epidemiology},
  volume={126},
  number={2},
  pages={161--169},
  year={1987},
  publisher={Oxford Univ Press}
}


@techreport{kaufmann:2016:using,
  title={Using Students as a Distributed Coding Team for Validation through Intercoder Agreement},
  year={2016},
  author={Kaufmann, Andreas and Barcomb, Ann and Riehle, Dirk},
  publisher={Friedrich-Alexander Universit\"{a}t Erlangen-N\"{u}rnberg, Department of Computer Science},
  url={https://opus4.kobv.de/opus4-fau/},
  note={Technical Report CS-2016-01},
  month={April}
}

@article{sim:2005:kappa,
  title={The kappa statistic in reliability studies: use, interpretation, and sample size requirements},
  author={Sim, Julius and Wright, Chris C},
  journal={Physical therapy},
  volume={85},
  number={3},
  pages={257--268},
  year={2005},
  publisher={American Physical Therapy Association}
}


@article{bowen:2008:naturalistic,
  title={Naturalistic inquiry and the saturation concept: a research note},
  author={Bowen, Glenn A},
  journal={Qualitative research},
  volume={8},
  number={1},
  pages={137--152},
  year={2008},
  publisher={SAGE Publications}
}

@article{braun:2006:using,
  title={Using thematic analysis in psychology},
  author={Braun, Virginia and Clarke, Victoria},
  journal={Qualitative research in psychology},
  volume={3},
  number={2},
  pages={77--101},
  year={2006},
  publisher={Taylor \& Francis}
}


@article{myers:1995:dialectical,
  title={Dialectical hermeneutics: a theoretical framework for the implementation of information systems},
  author={Myers, Michael D},
  journal={Information Systems Journal},
  volume={5},
  number={1},
  pages={51--70},
  year={1995},
  publisher={Wiley Online Library}
}


@article{serafeimidis:2003:information,
  title={Information systems evaluation as an organizational institution--experience from a case study},
  author={Serafeimidis, Vassilis and Smithson, Steve},
  journal={Information Systems Journal},
  volume={13},
  number={3},
  pages={251--274},
  year={2003},
  publisher={Wiley Online Library}
}


@article{darke:1998:successfully,
  title={Successfully completing case study research: combining rigour, relevance and pragmatism},
  author={Darke, Peta and Shanks, Graeme and Broadbent, Marianne},
  journal={Information systems journal},
  volume={8},
  number={4},
  pages={273--289},
  year={1998},
  publisher={Wiley Online Library}
}


@inproceedings{mason:2010:sample,
  title={Sample size and saturation in PhD studies using qualitative interviews},
  author={Mason, Mark},
  booktitle={Forum Qualitative Sozialforschung/Forum: Qualitative Social Research},
  volume={11},
  number={3},
  year={2010}
}

@article{webster:2002:analyzing,
  title={Analyzing the past to prepare for the future: Writing a literature review},
  author={Webster, Jane and Watson, Richard T},
  journal={Management Information Systems Quarterly},
  volume={26},
  number={2},
  pages={3},
  year={2002}
}


@article{macqueen:1998:codebook,
  title={Codebook development for team-based qualitative analysis},
  author={MacQueen, Kathleen M and McLellan, Eleanor and Kay, Kelly and Milstein, Bobby},
  journal={Cultural anthropology methods},
  volume={10},
  number={2},
  pages={31--36},
  year={1998}
}

@article{guest:2006:many,
  title={How many interviews are enough? An experiment with data saturation and variability},
  author={Guest, Greg and Bunce, Arwen and Johnson, Laura},
  journal={Field methods},
  volume={18},
  number={1},
  pages={59--82},
  year={2006},
  publisher={Sage Publications}
}

@article{oreilly:2012:unsatisfactory,
  title={`Unsatisfactory Saturation': a critical exploration of the notion of saturated sample sizes in qualitative research},
  author={O'Reilly, Michelle and Parker, Nicola},
  journal={Qualitative Research},
  year={2012},
  publisher={SAGE Publications}
}


@article{francis:2010:adequate,
  title={What is an adequate sample size? Operationalising data saturation for theory-based interview studies},
  author={Francis, Jill J and Johnston, Marie and Robertson, Clare and Glidewell, Liz and Entwistle, Vikki and Eccles, Martin P and Grimshaw, Jeremy M},
  journal={Psychology and Health},
  volume={25},
  number={10},
  pages={1229--1245},
  year={2010},
  publisher={Taylor \& Francis}
}



@article{bolger:2003:diary,
  title={Diary methods: Capturing life as it is lived},
  author={Bolger, Niall and Davis, Angelina and Rafaeli, Eshkol},
  journal={Annual review of psychology},
  volume={54},
  number={1},
  pages={579--616},
  year={2003},
  publisher={Annual Reviews 4139 El Camino Way, PO Box 10139, Palo Alto, CA 94303-0139, USA}
}

@inproceedings{waterman:2015:much,
   title={How much up-front? A grounded theory of agile architecture},
   author={Waterman, Michael and Noble, James and Allan, George},
   booktitle={Proceedings of the 37th International Conference on Software Engineering},
   note={To appear},
   year={2015}
}

@inproceedings{cosley:2003:seeing,
  title={Is seeing believing?: how recommender system interfaces affect users' opinions},
  author={Cosley, Dan and Lam, Shyong K and Albert, Istvan and Konstan, Joseph A and Riedl, John},
  booktitle={Proceedings of the SIGCHI conference on Human factors in computing systems},
  pages={585--592},
  year={2003},
  organization={ACM}
}

@article{meyer:2011:eliciting,
  title={Eliciting preferences on multiattribute societies with a Choquet integral},
  author={Meyer, Patrick and Ponthi{\`e}re, Gr{\'e}gory},
  journal={Computational economics},
  volume={37},
  number={2},
  pages={133--168},
  year={2011},
  publisher={Springer}
}

@phdthesis{lechner:2003:exploring,
  title={Exploring the strategic process: A theoretical and empirical investigation},
  year={2003},
  school={Universit{\"a}t St. Gallen},
  author={Lechner, Christoph}
}


@article{graham:1998:approximate,
  title={Approximate standard errors and confidence intervals for indices of positive and negative agreement},
  author={Graham, Patrick and Bull, Brian},
  journal={Journal of clinical epidemiology},
  volume={51},
  number={9},
  pages={763--771},
  year={1998},
  publisher={Elsevier}
}


@article{hripcsak:2005:agreement,
  title={Agreement, the f-measure, and reliability in information retrieval},
  author={Hripcsak, George and Rothschild, Adam S},
  journal={Journal of the American Medical Informatics Association},
  volume={12},
  number={3},
  pages={296--298},
  year={2005},
  publisher={The Oxford University Press}
}




@inproceedings{rieman:1993:diary,
  title={The diary study: a workplace-oriented research tool to guide laboratory efforts},
  author={Rieman, John},
  booktitle={Proceedings of the INTERACT'93 and CHI'93 conference on Human factors in computing systems},
  pages={321--326},
  year={1993},
  organization={ACM}
}


@inproceedings{begel:2008:novice,
  title={Novice software developers, all over again},
  author={Begel, Andrew and Simon, Beth},
  booktitle={Proceedings of the Fourth international Workshop on Computing Education Research},
  pages={3--14},
  year={2008},
  organization={ACM}
}

@inproceedings{palen:2002:voice,
  title={Voice-mail diary studies for naturalistic data capture under mobile conditions},
  author={Palen, Leysia and Salzman, Marilyn},
  booktitle={Proceedings of the 2002 ACM conference on Computer supported cooperative work},
  pages={87--95},
  year={2002},
  organization={ACM}
}


@inproceedings{palen:2000:going,
  title={Going wireless: behavior \& practice of new mobile phone users},
  author={Palen, Leysia and Salzman, Marilyn and Youngs, Ed},
  booktitle={Proceedings of the 2000 ACM conference on Computer supported cooperative work},
  pages={201--210},
  year={2000},
  organization={ACM}
}


@inproceedings{kersten:2005:mylar,
  title={Mylar: a degree-of-interest model for IDEs},
  author={Kersten, Mik and Murphy, Gail C},
  booktitle={Proceedings of the 4th international conference on Aspect-oriented software development},
  pages={159--168},
  year={2005},
  organization={ACM}
}


@inproceedings{czerwinski:2004:diary,
  title={A diary study of task switching and interruptions},
  author={Czerwinski, Mary and Horvitz, Eric and Wilhite, Susan},
  booktitle={Proceedings of the SIGCHI conference on Human factors in computing systems},
  pages={175--182},
  year={2004},
  organization={ACM}
}

@article{lallemand:2012:dear,
   url={http://uxpamagazine.org/dear-diary-using-diaries-to-study-user-experience/},
   note={Accessed 12 Feb 2015},
   author={Lallemand, Carine},
   journal="User Experience Magazine",
   title={Dear Diary: Using Diaries to Study User Experience},
   volume={11},
   number={3}
}


@inproceedings{adler:1998:diary,
  title={A diary study of work-related reading: design implications for digital reading devices},
  author={Adler, Annette and Gujar, Anuj and Harrison, Beverly L and O'hara, Kenton and Sellen, Abigail},
  booktitle={Proceedings of the SIGCHI conference on Human factors in computing systems},
  pages={241--248},
  year={1998},
  organization={ACM Press/Addison-Wesley Publishing Co.}
}



@techreport{guion:2011:triangulation,
  title={Triangulation: Establishing the validity of qualitative studies},
  author={Guion, Lisa A and Diehl, David C and McDonald, Debra},
  year={2011},
  publisher={Family Youth and Community Sciences}
}

@article{seidler:1974:using,
  title={On using informants: A technique for collecting quantitative data and controlling measurement error in organization analysis},
  author={Seidler, John},
  journal={American Sociological Review},
  pages={816--831},
  year={1974},
  publisher={JSTOR}
}

@article{cavaye:1996:case,
  title={Case study research: a multi-faceted research approach for IS},
  author={Cavaye, Ang{\`e}le LM},
  journal={Information systems journal},
  volume={6},
  number={3},
  pages={227--242},
  year={1996},
  publisher={Wiley Online Library}
}

@article{eisenhardt:1989:building,
  title={Building theories from case study research},
  author={Eisenhardt, Kathleen M},
  journal={Academy of management review},
  volume={14},
  number={4},
  pages={532--550},
  year={1989},
  publisher={Academy of Management}
}

@book{yin:2013:case,
  title={Case study research: Design and methods},
  author={Yin, Robert K},
  year={2013},
  publisher={Sage publications}
}


@article{siegmund:views,
  title={Views on Internal and External Validity in Empirical Software Engineering},
  author={Siegmund, Janet and Siegmund, Norbert and Apel, Sven}
}

@article{choudhury:2003:portfolios,
  title={Portfolios of control in outsourced software development projects},
  author={Choudhury, Vivek and Sabherwal, Rajiv},
  journal={Information Systems Research},
  volume={14},
  number={3},
  pages={291--314},
  year={2003},
  publisher={INFORMS}
}


@article{corbin:1990:grounded,
  title={Grounded theory research: Procedures, canons, and evaluative criteria},
  author={Corbin, Juliet M and Strauss, Anselm},
  journal={Qualitative sociology},
  volume={13},
  number={1},
  pages={3--21},
  year={1990},
  publisher={Springer}
}


@article{eisenhardt:2007:theory,
  title={Theory building from cases: Opportunities and challenges},
  author={Eisenhardt, Kathleen M and Graebner, Melissa E},
  journal={Academy of management journal},
  volume={50},
  number={1},
  pages={25--32},
  year={2007},
  publisher={Academy of Management}
}


@article{benbasat:1987:case,
  title={The case research strategy in studies of information systems},
  author={Benbasat, Izak and Goldstein, David K and Mead, Melissa},
  journal={MIS quarterly},
  pages={369--386},
  year={1987},
  publisher={JSTOR}
}

@article{mays:1995:qualitative,
  title={Qualitative research: rigour and qualitative research},
  author={Mays, Nicholas and Pope, Catherine},
  journal={Bmj},
  volume={311},
  number={6997},
  pages={109--112},
  year={1995},
  publisher={BMJ Publishing Group Ltd}
}


@incollection{easterbrook:2008:selecting,
  title={Selecting empirical methods for software engineering research},
  author={Easterbrook, Steve and Singer, Janice and Storey, Margaret-Anne and Damian, Daniela},
  booktitle={Guide to advanced empirical software engineering},
  pages={285--311},
  year={2008},
  publisher={Springer}
}

@article{oppenheimer:2009:instructional,
  title={Instructional manipulation checks: Detecting satisficing to increase statistical power},
  author={Oppenheimer, Daniel M and Meyvis, Tom and Davidenko, Nicolas},
  journal={Journal of Experimental Social Psychology},
  volume={45},
  number={4},
  pages={867--872},
  year={2009},
  publisher={Elsevier}
}

@article{jain:1999:data,
  title={Data clustering: a review},
  author={Jain, Anil K and Murty, M Narasimha and Flynn, Patrick J},
  journal={ACM computing surveys (CSUR)},
  volume={31},
  number={3},
  pages={264--323},
  year={1999},
  publisher={Acm}
}

@article{mojza:2011:volunteer,
  title={Volunteer work as a valuable leisure-time activity: A day-level study on volunteer work, non-work experiences, and well-being at work},
  author={Mojza, Eva J and Sonnentag, Sabine and Bornemann, Claudius},
  journal={Journal of Occupational and Organizational Psychology},
  volume={84},
  number={1},
  pages={123--152},
  year={2011},
  publisher={Wiley Online Library}
}

@article{wild:2010:diary,
  title={A diary study of information needs and document usage in the engineering domain},
  author={Wild, Peter J and McMahon, Chris and Darlington, Mansur and Liu, Shaofeng and Culley, Steve},
  journal={Design Studies},
  volume={31},
  number={1},
  pages={46--73},
  year={2010},
  publisher={Elsevier}
}


@article{schervish:2002:boston,
  title={The Boston area diary study and the moral citizenship of care},
  author={Schervish, Paul G and Havens, John J},
  journal={Voluntas: International Journal of Voluntary and Nonprofit Organizations},
  volume={13},
  number={1},
  pages={47--71},
  year={2002},
  publisher={Springer}
}

@inproceedings{tausczik:2014:building,
  title={Building loyalty to online communities through bond and identity-based attachment to sub-groups},
  author={Tausczik, Yla R and Dabbish, Laura A and Kraut, Robert E},
  booktitle={Proceedings of the 17th ACM conference on Computer supported cooperative work \& social computing},
  pages={146--157},
  year={2014},
  organization={ACM}
}

@article{conway:2013:methods,
  title={Methods for Collecting Large-Scale Non-Expert Text Coding},
  author={Conway, Drew},
  journal={Available at SSRN 2260437},
  year={2013}
}


@article{hruschka:2004:reliability,
  title={Reliability in coding open-ended data: Lessons learned from HIV behavioral research},
  author={Hruschka, Daniel J and Schwartz, Deborah and John, Daphne Cobb St and Picone-Decaro, Erin and Jenkins, Richard A and Carey, James W},
  journal={Field Methods},
  volume={16},
  number={3},
  pages={307--331},
  year={2004},
  publisher={Sage Publications}
}

@article{doan:2011:crowdsourcing,
  title={Crowdsourcing systems on the world-wide web},
  author={Doan, Anhai and Ramakrishnan, Raghu and Halevy, Alon Y},
  journal={Communications of the ACM},
  volume={54},
  number={4},
  pages={86--96},
  year={2011},
  publisher={ACM}
}


@article{davey:2010:quantitative,
  title={Quantitative methods for estimating the reliability of qualitative data},
  author={Davey, Jason W and Gugiu, P Cristian and Coryn, Chris LS},
  journal={Journal of MultiDisciplinary Evaluation},
  volume={6},
  number={13},
  pages={140--162},
  year={2010}
}

@article{cohen:1960:coefficient,
  title={A coefficient of agreement for nominal scales},
  author={Cohen, Jacob and others},
  journal={Educational and psychological measurement},
  volume={20},
  number={1},
  pages={37--46},
  year={1960},
  publisher={Durham}
}

@article{landis:1977:measurement,
  title={The measurement of observer agreement for categorical data},
  author={Landis, J Richard and Koch, Gary G},
  journal={biometrics},
  pages={159--174},
  year={1977},
  publisher={JSTOR}
}

@article{marques:2005:application,
  title={The application of interrater reliability as a solidification instrument in a phenomenological study},
  author={Marques, Joan F and McCall, Chester},
  journal={The Qualitative Report},
  volume={10},
  number={3},
  pages={439--462},
  year={2005}
}

@article{sim:2005:kappa,
  title={The kappa statistic in reliability studies: use, interpretation, and sample size requirements},
  author={Sim, Julius and Wright, Chris C},
  journal={Physical therapy},
  volume={85},
  number={3},
  pages={257--268},
  year={2005},
  publisher={American Physical Therapy Association}
}
