@inproceedings{cullina:2015:measuring,
  title={Measuring the crowd: a preliminary taxonomy of crowdsourcing metrics},
  author={Cullina, Eoin and Conboy, Kieran and Morgan, Lorraine},
  booktitle={Proceedings of the 11th International Symposium on Open Collaboration},
  pages={7},
  year={2015},
  organization={ACM}
}


@inproceedings{qiu:2015:empirical,
  title={An Empirical Study of Developer Quality},
  author={Qiu, Yilin and Zhang, Weiqiang and Zou, Weiqin and Liu, Jia and Liu, Qin},
  booktitle={Software Quality, Reliability and Security-Companion (QRS-C), 2015 IEEE International Conference on},
  pages={202--209},
  year={2015},
  organization={IEEE}
}


@article{buchwald:2015:understanding,
  title={Understanding Employee Engagement in Un-Official Projects--A Conceptual Model Based on Psychological Empowerment and Constructive Deviance},
  author={Buchwald, Arne and Urbach, Nils and M{\"a}hring, Magnus},
  year={2015}
}

@online{bugayenko:2014:hits,
  author={Bugayenko, Yegor},
  year={2014},
  title={Hits-of-Code Instead of SLoC},
  url={http://www.yegor256.com/2014/11/14/hits-of-code.html},
  note={Accessed 14 July, 2015}
}

@article{chang:2014:push,
  title={The push, pull and mooring effects in virtual migration for social networking sites},
  author={Chang, I-Cheng and Liu, Chuang-Chun and Chen, Kuanchin},
  journal={Information Systems Journal},
  volume={24},
  number={4},
  pages={323--346},
  year={2014},
  publisher={Wiley Online Library}
}



@article{wageman:2012:changing,
  title={The changing ecology of teams: New directions for teams research},
  author={Wageman, Ruth and Gardner, Heidi and Mortensen, Mark},
  journal={Journal of Organizational Behavior},
  volume={33},
  number={3},
  pages={301--315},
  year={2012},
  publisher={Wiley Online Library}
}


@article{tannenbaum:2012:teams,
  title={Teams are changing: Are research and practice evolving fast enough?},
  author={Tannenbaum, Scott I and Mathieu, John E and Salas, Eduardo and Cohen, Debra},
  journal={Industrial and Organizational Psychology},
  volume={5},
  number={1},
  pages={2--24},
  year={2012},
  publisher={Wiley Online Library}
}


@online{bugayenko:2014:how,
  author={Bugayenko, Yegor},
  year={2014},
  title={How much do you pay per line of code?},
  url={http://www.yegor256.com/2014/04/11/cost-of-loc.html},
  note={Accessed 22 July, 2015}
}

@misc{oinas:nordic,
  title={Nordic Contributions in IS Research},
  author={Oinas-Kukkonen, Harri and Iivari, Netta and Kuutti, Kari and {\"O}{\"o}rni, Anssi and Rajanen, Mikko},
  publisher={Springer}
}



@inproceedings{bird:2009:promises,
  title={The promises and perils of mining git},
  author={Bird, Christian and Rigby, Peter C and Barr, Earl T and Hamilton, David J and German, Daniel M and Devanbu, Prem},
  booktitle={Mining Software Repositories, 2009. MSR'09. 6th IEEE International Working Conference on},
  pages={1--10},
  year={2009},
  publisher={IEEE}
}

@inproceedings{meng:2013:mining,
  title={Mining Software Repositories for Accurate Authorship},
  author={Meng, Xiaozhu and Miller, Barton P and Williams, William R and Bernat, Andrew R},
  booktitle={Software Maintenance (ICSM), 2013 29th IEEE International Conference on},
  pages={250--259},
  year={2013},
  organization={IEEE}
}


@techreport{andersson:mining,
  title={Mining Relations from Git Commit Messagesâ€”an Experience Report},
  author={Andersson, Rikard and Ericsson, Morgan and Wingkvist, Anna}
}

@inproceedings{geldenhuys:2010:finding,
  title={Finding the Core Developers.},
  author={Geldenhuys, Jaco},
  booktitle={EUROMICRO-SEAA},
  publisher={IEEE},
  pages={447--450},
  year={2010}
}


@inproceedings{rodriguez:2012:distributed,
  title={How distributed version control systems impact open source software projects},
  author={Rodriguez-Bustos, Christian and Aponte, Jairo},
  booktitle={Mining Software Repositories (MSR), 2012 9th IEEE Working Conference on},
  pages={36--39},
  year={2012},
  publisher={IEEE}
}

@article{wiederhold:2006:what,
  title={What is your software worth?},
  author={Wiederhold, Gio},
  journal={Communications of the ACM},
  volume={49},
  number={9},
  pages={65--75},
  year={2006},
  publisher={ACM}
}

@inproceedings{bettenburg:2008:makes,
  title={What makes a good bug report?},
  author={Bettenburg, Nicolas and Just, Sascha and Schr{\"o}ter, Adrian and Weiss, Cathrin and Premraj, Rahul and Zimmermann, Thomas},
  booktitle={Proceedings of the 16th ACM SIGSOFT International Symposium on Foundations of software engineering},
  pages={308--318},
  year={2008},
  organization={ACM}
}

@inproceedings{grammel:2010:attracting,
  title={Attracting the community's many eyes: an exploration of user involvement in issue tracking},
  author={Grammel, Lars and Schackmann, Holger and Schr{\"o}ter, Adrian and Treude, Christoph and Storey, Margaret-Anne},
  booktitle={Human Aspects of Software Engineering},
  pages={3},
  year={2010},
  organization={ACM}
}

@inproceedings{herraiz:2008:towards,
  title={Towards a simplification of the bug report form in eclipse},
  author={Herraiz, Israel and German, Daniel M and Gonzalez-Barahona, Jesus M and Robles, Gregorio},
  booktitle={Proceedings of the 2008 international working conference on Mining software repositories},
  pages={145--148},
  year={2008},
  organization={ACM}
}

@inproceedings{just:2008:towards,
  title={Towards the next generation of bug tracking systems},
  author={Just, Sascha and Premraj, Rahul and Zimmermann, Thomas},
  booktitle={Visual Languages and Human-Centric Computing, 2008. VL/HCC 2008. IEEE Symposium on},
  pages={82--85},
  year={2008},
  organization={IEEE}
}

@inproceedings{ko:2010:power,
  title={How power users help and hinder open bug reporting},
  author={Ko, Andrew J and Chilana, Parmit K},
  booktitle={Proceedings of the SIGCHI Conference on Human Factors in Computing Systems},
  pages={1665--1674},
  year={2010},
  organization={ACM}
}


@inproceedings{dealwis:2009:software,
  title={Why are software projects moving from centralized to decentralized version control systems?},
  author={De Alwis, Brian and Sillito, Jonathan},
  booktitle={Cooperative and Human Aspects on Software Engineering, 2009. CHASE'09. ICSE Workshop on},
  pages={36--39},
  year={2009},
  publisher={IEEE}
}

@inproceedings{dragan:2011:using,
  title={Using stereotypes to help characterize commits},
  author={Dragan, Natalia and Collard, Michael L and Hammad, Maen and Maletic, Jonathan I},
  booktitle={Software Maintenance (ICSM), 2011 27th IEEE International Conference on},
  pages={520--523},
  year={2011},
  organization={IEEE}
} 

@techreport{park:1992:software,
  title={Software size measurement: A framework for counting source statements},
  author={Park, Robert E},
  year={1992},
  institution={DTIC Document},
  url={http://www.sei.cmu.edu/reports/92tr020.pdf}
}

@article{o:2009:making,
  title={Making sense of revision-control systems},
  author={O'Sullivan, Bryan},
  journal={Communications of the ACM},
  volume={52},
  number={9},
  pages={56--62},
  year={2009},
  publisher={ACM}
}

@article{zhang:2001:peripheral,
  title={Peripheral members in online communities},
  author={Zhang, Wei and Storck, John},
  journal={AMCIS 2001 Proceedings},
  pages={117},
  year={2001}
}


@article{kittur:2007:power,
  title={Power of the few vs. wisdom of the crowd: Wikipedia and the rise of the bourgeoisie},
  author={Kittur, Aniket and Chi, Ed and Pendleton, B and Suh, Bongwon and Mytkowicz, Todd},
  journal={World wide web},
  volume={1},
  number={2},
  pages={19},
  year={2007}
}



@inproceedings{schuler:2008:mining,
  title={Mining usage expertise from version archives},
  author={Schuler, David and Zimmermann, Thomas},
  booktitle={Proceedings of the 2008 international working conference on Mining software repositories},
  pages={121--124},
  year={2008},
  organization={ACM}
}


@inproceedings{gousios:2008:measuring,
  title={Measuring developer contribution from software repository data},
  author={Gousios, Georgios and Kalliamvakou, Eirini and Spinellis, Diomidis},
  booktitle={Proceedings of the 2008 international working conference on Mining software repositories},
  pages={129--132},
  year={2008},
  organization={ACM}
}

