% This file was created with JabRef 2.9.2.
% Encoding: UTF-8

@book{smelser:2011:theory,
  title={Theory of collective behavior},
  author={Smelser, Neil J},
  year={2011},
  publisher={Quid Pro Books}
}


@article{smith:1975:voluntary,
  title={Voluntary action and voluntary groups},
  author={Smith, David Horton},
  journal={Annual review of sociology},
  pages={247--270},
  year={1975},
  publisher={JSTOR}
}


@article{handy:2010:cross,
  title={A cross-cultural examination of student volunteering: Is it all about r{\'e}sum{\'e} building?},
  author={Handy, Femida and Hustinx, Lesley and Cnaan, Ram A and Kang, Chulhee},
  journal={Nonprofit and Voluntary Sector Quarterly},
  year={2010},
  volume={39},
  number={3},
  pages={498--523},
  publisher={Sage Publications}
}


@article{garner:2010:volunteering,
  title={Volunteering an opinion: Organizational voice and volunteer retention in nonprofit organizations},
  author={Garner, Johny T and Garner, Lindsey T},
  journal={Nonprofit and Voluntary Sector Quarterly},
  year={2010},
  publisher={Sage Publications}
}


@article{mowday:1979:measurement,
  title={The measurement of organizational commitment},
  author={Mowday, Richard T and Steers, Richard M and Porter, Lyman W},
  journal={Journal of vocational behavior},
  volume={14},
  number={2},
  pages={224--247},
  year={1979},
  publisher={Elsevier}
}


@article{clary:1998:understanding,
  title={Understanding and assessing the motivations of volunteers: a functional approach.},
  author={Clary, E Gil and Snyder, Mark and Ridge, Robert D and Copeland, John and Stukas, Arthur A and Haugen, Julie and Miene, Peter},
  journal={Journal of personality and social psychology},
  volume={74},
  number={6},
  pages={1516},
  year={1998},
  publisher={American Psychological Association}
}


@article{won:2010:motivating,
  title={Motivating factors influencing college students' participation in charity sport events},
  author={Won, Doyeon and Park, Meungguk},
  journal={International Journal of Sport Management and Marketing},
  volume={8},
  number={3-4},
  pages={296--321},
  year={2010},
  publisher={Inderscience Publishers}
}


@article{callero:1985:role,
  title={Role-identity salience},
  author={Callero, Peter L},
  journal={Social Psychology Quarterly},
  pages={203--215},
  year={1985},
  publisher={JSTOR}
}


@article{costa:2006:reconsidering,
  title={Reconsidering the role of training in event volunteers' satisfaction},
  author={Costa, Carla A and Chalip, Laurence and Green, B Christine and Simes, Caet},
  journal={Sport Management Review},
  volume={9},
  number={2},
  pages={165--182},
  year={2006},
  publisher={Elsevier}
}


@article{zheng:2016:affordances,
  title={Affordances of social media in collective action: the case of Free Lunch for Children in China},
  author={Zheng, Yingqin and Yu, Ai},
  journal={Information Systems Journal},
  year={2016},
  publisher={Wiley Online Library}
}


@article{vandaal:1990:vrijwilligerswerk,
  title={Vrijwilligerswerk en informele hulp in Nederland},
  author={Van Daal, HJ},
  journal={NIMAWO. Den Haag},
  year={1990}
}

@article{hustinx:2003:collective,
  title={Collective and reflexive styles of volunteering: A sociological modernization perspective},
  author={Hustinx, Lesley and Lammertyn, Frans},
  journal={Voluntas: International Journal of Voluntary and Nonprofit Organizations},
  volume={14},
  number={2},
  pages={167--187},
  year={2003},
  publisher={Springer}
}


@article{bechky:2006:gaffers,
  title={Gaffers, gofers, and grips: Role-based coordination in temporary organizations},
  author={Bechky, Beth A},
  journal={Organization Science},
  volume={17},
  number={1},
  pages={3--21},
  year={2006},
  publisher={INFORMS}
}


@INCOLLECTION{macduff:1995:episodic,
  author = {Macduff, Nancy},
  title = {Episodic Volunteering},
  pages = {206--221},
  crossref = {connors:1995:volunteer}
}

@ARTICLE{amichai:2008:potential,
  author = {Amichai-Hamburger, Yair},
  title = {Potential and promise of online volunteering},
  journal = {Computers in Human Behavior},
  year = {2008},
  volume = {24},
  pages = {544--562},
  number = {2},
  publisher = {Elsevier}
}

@ARTICLE{auld:2004:behavioural,
  author = {Auld, Christopher John},
  title = {Behavioural characteristics of student volunteers},
  year = {2004},
  publisher = {http://www. volunteeringaustralia. org/html/s01\_home/home. asp}
}

@INPROCEEDINGS{bernstein:2013:micro,
  author = {Bernstein, Michael and Bright, Mike and Cutrell, Ed and Dow, Steven
	and Gerber, Elizabeth and Jain, Anupam and Kulkarni, Anand},
  title = {Micro-volunteering: helping the helpers in development},
  booktitle = {Proceedings of the 2013 conference on Computer Supported Cooperative
	Work companion},
  year = {2013},
  pages = {85--88},
  organization = {ACM}
}

@ARTICLE{boehm:2012:towards,
  author = {Boehm, Amnon and Cnaan, Ram A},
  title = {Towards a practice-based model for community practice: Linking theory
	and practice},
  journal = {J. Soc. \& Soc. Welfare},
  year = {2012},
  volume = {39},
  pages = {141},
  publisher = {HeinOnline}
}

@ARTICLE{bowman:2009:economic,
  author = {Bowman, Woods},
  title = {The economic value of volunteers to nonprofit organizations},
  journal = {Nonprofit Management and Leadership},
  year = {2009},
  volume = {19},
  pages = {491--506},
  number = {4},
  publisher = {Wiley Online Library}
}

@ARTICLE{vandenbroek:2010:terranova,
  author = {van den Broek, Diane},
  title = {From Terranova to Terra Firma: A Critique of the Role of Free Labour
	and the Digital Economy},
  journal = {The Economic and Labour Relations Review},
  year = {2010},
  volume = {20},
  pages = {123--133},
  number = {2},
  publisher = {SAGE Publications}
}

@ARTICLE{brown:1999:assessing,
  author = {Brown, Eleanor},
  title = {Assessing the value of volunteer activity},
  journal = {Nonprofit and Voluntary Sector Quarterly},
  year = {1999},
  volume = {28},
  pages = {3--17},
  number = {1},
  publisher = {Sage Publications}
}

@ARTICLE{brudney:2006:moving,
  author = {Brudney, Jeffrey L and Gazley, Beth},
  title = {Moving ahead or falling behind? Volunteer promotion and data collection},
  journal = {Nonprofit Management and Leadership},
  year = {2006},
  volume = {16},
  pages = {259--276},
  number = {3},
  publisher = {Wiley Online Library}
}

@TECHREPORT{bryen:2006:bounce,
  author = {Bryen, Leonie M and Madden, Kym M},
  title = {Bounce-Back of Episodic Volunteers: What makes episodic volunteers
	return? Working Paper No. CPNS 32},
  year = {2006},
  publisher = {QUT},
  institution={Queensland University of Technology}
}

@ARTICLE{buckmaster:1999:associations,
  author = {Buckmaster, Natalie},
  title = {Associations between outcome measurement, accountability and learning
	for non-profit organisations},
  journal = {International Journal of Public Sector Management},
  year = {1999},
  volume = {12},
  pages = {186--197},
  number = {2},
  publisher = {MCB UP Ltd}
}

@ARTICLE{bussell:2002:understanding,
  author = {Bussell, Helen and Forbes, Deborah},
  title = {Understanding the volunteer market: The what, where, who and why
	of volunteering},
  journal = {International Journal of Nonprofit and Voluntary Sector Marketing},
  year = {2002},
  volume = {7},
  pages = {244--257},
  number = {3},
  publisher = {Wiley Online Library}
}

@ARTICLE{callero:1987:helping,
  author = {Callero, Peter L and Howard, Judith A and Piliavin, Jane A},
  title = {Helping behavior as role behavior: Disclosing social structure and
	history in the analysis of prosocial action},
  journal = {Social Psychology Quarterly},
  year = {1987},
  pages = {247--256},
  publisher = {JSTOR}
}

@ARTICLE{chacon:2007:three,
  author = {Chacon, Fernando and Vecina, Maria Luisa and Davila, Maria Celeste},
  title = {THE THREE-STAGE MODEL OF VOLUNTEERS'DURATION OF SERVICE.},
  journal = {Social Behavior \& Personality: An International Journal},
  year = {2007},
  volume = {35},
  number = {5}
}

@ARTICLE{ciampaglia:2014:moodbar,
  author = {Ciampaglia, Giovanni Luca and Taraborelli, Dario},
  title = {MoodBar: Increasing new user retention in Wikipedia through lightweight
	socialization},
  journal = {arXiv preprint arXiv:1409.1496},
  year = {2014},
  url = {ttp://arxiv.org/abs/1409.1496}
}

@ARTICLE{ciffolilli:2003:phantom,
  author = {Ciffolilli, Andrea},
  title = {Phantom authority, self-selective recruitment and retention of members
	in virtual communities: The case of Wikipedia},
  journal = {First Monday},
  year = {2003},
  volume = {8},
  number = {12}
}

@ARTICLE{clary:1999:motivations,
  author = {Clary, E Gil and Snyder, Mark},
  title = {The motivations to volunteer theoretical and practical considerations},
  journal = {Current directions in psychological science},
  year = {1999},
  volume = {8},
  pages = {156--159},
  number = {5},
  publisher = {SAGE Publications}
}

@misc{clary:1991:functional,
  author = {Clary, E Gil and Snyder, Mark},
  title = {A functional analysis of altruism and prosocial behavior: The case
	of volunteerism.},
  year = {1991},
  publisher = {Sage Publications, Inc}
}

@article{smith:2010:motivations,
  title={Motivations and benefits of student volunteering: comparing regular, occasional, and non-volunteers in five countries},
  author={Smith, Karen A and Holmes, Kirsten and Haski-Leventhal, Debbie and Cnaan, Ram A and Handy, Femida and Brudney, Jeffrey L},
  journal={Canadian journal of nonprofit and social economy research},
  volume={1},
  number={1},
  pages={65},
  year={2010},
  publisher={Association for Nonprofit and Social Economy Research}
}



@ARTICLE{cnaan:2005:towards,
  author = {Cnaan, Ram A and Handy, Femida},
  title = {Towards understanding episodic volunteering},
  journal = {Vrijwillige Inzet Onderzocht},
  year = {2005},
  volume = {2},
  pages = {29--35},
  number = {1}
}

@ARTICLE{cnaan:1995:volunteering,
  author = {Cnaan, Ram A. and Amrofell, Laura},
  title = {Mapping volunteer activity},
  journal = {Nonprofit and Voluntary Sector Quarterly},
  volume = {23},
  pages = {335--351},
  year={1995}
}

@BOOK{connors:1995:volunteer,
  title = {The volunteer management handbook: Leadership strategies for success},
  publisher = {John Wiley \& Sons},
  year = {1995},
  author = {Connors, Tracy D}
}

@ARTICLE{conroy:2014:use,
  author = {Conroy, Sarah and Williams, Alicia},
  title = {Use of Internet, Social Networking Sites, and Mobile Technology for
	Volunteerism},
  year = {2014},
  month = {April},
  publisher = {AARP Research}
}

@article{galindo:2002:volunteer,
  title={The volunteer satisfaction index: Construct definition, measurement, development, and validation},
  author={Galindo-Kuhn, Roseanna and Guzley, Ruth M},
  journal={Journal of Social Service Research},
  volume={28},
  number={1},
  pages={45--68},
  year={2002},
  publisher={Taylor \& Francis}
}


@article{filo:2009:meaning,
  title={The meaning behind attachment: Exploring camaraderie, cause, and competency at a charity sport event},
  author={Filo, Kevin and Funk, Daniel C and O’Brien, Danny and others},
  journal={Journal of Sport Management},
  volume={23},
  number={3},
  pages={361--387},
  year={2009},
  publisher={Human Kinetics Publishers}
}


@article{haski:2011:money,
  title={What money cannot buy: The distinctive and multidimensional impact of volunteers},
  author={Haski-Leventhal, Debbie and Hustinx, Lesley and Handy, Femida},
  journal={Journal of Community Practice},
  volume={19},
  number={2},
  pages={138--158},
  year={2011},
  publisher={Taylor \& Francis}
}


@article{hustinx:2008:one,
  title={One of a kind? {C}omparing episodic and regular volunteers at the {P}hiladelphia {R}onald {M}c{D}onald {H}ouse},
  author={Hustinx, Lesley and Haski-Leventhal, Debbie and Handy, Femida},
  journal={IJOVA: International Journal of Volunteer Administration},
  volume={25},
  number={3},
  pages={50--66},
  year={2008}
}


@article{hyde:2014:systematic,
  title={A systematic review of episodic volunteering in public health and other contexts},
  author={Hyde, Melissa K and Dunn, Jeff and Scuffham, Paul A and Chambers, Suzanne K},
  journal={BMC public health},
  volume={14},
  number={1},
  pages={992},
  year={2014},
  publisher={BioMed Central Ltd}
}


@TECHREPORT{cravens:2014:internet,
  author = {Cravens, Jayne},
  title = {Internet-mediated Volunteering in the EU: Its history, prevalence,
	and approaches and how it relates to employability and social inclusion},
  institution = {Institute for Prospective and Technological Studies, Joint Research
	Centre},
  year = {2014}
}

@ARTICLE{cravens:2006:involving,
  author = {Cravens, Jayne},
  title = {Involving international online volunteers: Factors for success, organizational
	benefits, and new views of community},
  journal = {The International journal of volunteer administration},
  year = {2006},
  volume = {24},
  pages = {15--23},
  number = {1}
}

@BOOK{cravens:2014:last,
  title = {The LAST Virtual Volunteering Guidebook: Fully Integrating Online
	Service into Volunteer Involvement},
  publisher = {Energize, Inc.},
  year = {2014},
  author = {Cravens, Jayne and Ellis, Susan J}
}

@OTHER{cravens:2012:survey,
  author = {Cravens, Jayne and Jackson, Rob},
  publisher = {Coyote Communications},
  title = {Survey of software tools used to track and manage volunteer information},
  url = {http://www.coyotecommunications.com/tech/volmanagesoftware.pdf},
  year = {2012}
}

@ARTICLE{cuskelly:2006:volunteer,
  author = {Cuskelly, Graham and Taylor, Tracy and Hoye, Russell and Darcy, Simon},
  title = {Volunteer management practices and volunteer retention: A human resource
	management approach},
  journal = {Sport Management Review},
  year = {2006},
  volume = {9},
  pages = {141--163},
  number = {2},
  publisher = {Elsevier}
}

@misc{danson:2003:review,
  author = {Danson, Mike},
  title = {Review of research and evidence on volunteering},
  howpublished = {Sterling: Volunteer Development Scotland) October},
  year = {2003}
}

@ARTICLE{dekimpe:1997:attrition,
  author = {Dekimpe, Marnik G and Degraeve, Zeger},
  title = {The attrition of volunteers},
  journal = {European Journal of Operational Research},
  year = {1997},
  volume = {98},
  pages = {37--51},
  number = {1},
  publisher = {Elsevier}
}

@INPROCEEDINGS{dostal:2014:intervals,
  author = {Dostál, Jakub and Vyskočil, Marek},
  title = {Intervals: addressing misleading methods of measuring the economic
	value of volunteering},
  booktitle = {Voluntary Sector and Volunteering Research Conference},
  year = {2014},
  organization = {NCVO}
}

@MISC{ellis:2000:virtual,
  author = {Ellis, Susan J and Cravens, Jayne},
  title = {The virtual volunteering guidebook},
  year = {2000}
}

@ARTICLE{evans:2005:twenty,
  author = {Evans, Elisha and Saxton, Joe},
  title = {The 21st century volunteer},
  journal = {London. NpfSynergy},
  year = {2005}
}

@ARTICLE{fischer:1991:older,
  author = {Fischer, Lucy Rose and Mueller, Daniel P and Cooper, Philip W},
  title = {Older volunteers: A discussion of the Minnesota senior study},
  journal = {The Gerontologist},
  year = {1991},
  volume = {31},
  pages = {183--194},
  number = {2},
  publisher = {Oxford University Press}
}

@ARTICLE{garner:2011:volunteering,
  author = {Garner, Johny T and Garner, Lindsey T},
  title = {Volunteering an Opinion Organizational Voice and Volunteer Retention
	in Nonprofit Organizations},
  journal = {Nonprofit and Voluntary Sector Quarterly},
  year = {2011},
  volume = {40},
  pages = {813--828},
  number = {5},
  publisher = {Sage Publications}
}

@OTHER{gaskin:1999:valuing,
  author = {Gaskin, Katharine},
  publisher = {Institute for Volunteering Research},
  title = {Valuing volunteers in Europe: a comparative study of the Volunteer
	Investment and Value Audit},
  year = {1999}
}

@INPROCEEDINGS{ginsburg:2002:social,
  author = {Ginsburg, Mark and Weisband, Suzanne},
  title = {Social capital and volunteerism in virtual communities: The case
	of the internet chess club},
  booktitle = {System Sciences, 2002. HICSS. Proceedings of the 35th Annual Hawaii
	International Conference on},
  year = {2002},
  pages = {2225--2234},
  organization = {IEEE}
}

@ARTICLE{govekar:2002:using,
  author = {Govekar, Paul L and Govekar, Michele A},
  title = {Using economic theory and research to better understand volunteer
	behavior},
  journal = {Nonprofit Management and Leadership},
  year = {2002},
  volume = {13},
  pages = {33--48},
  number = {1},
  publisher = {Wiley Online Library}
}

@ARTICLE{graff:2006:declining,
  author = {Graff, Linda L},
  title = {Declining profit margin: When volunteers cost more than they return},
  journal = {International Journal of Volunteer Administration},
  year = {2006},
  volume = {14},
  pages = {24--32},
  number = {1}
}

@TECHREPORT{green:1984:volunteer,
  author = {Green, Susan K and Aarons, Alan and Cross, Rebecca},
  title = {Volunteer Motivation and Its Relationship to Satisfaction and Future
	Volunteering.},
  year = {1984},
  publisher = {ERIC}
}

@ARTICLE{grube:2000:role,
  author = {Grube, Jean A and Piliavin, Jane Allyn},
  title = {Role identity, organizational experiences, and volunteer performance},
  journal = {Personality and Social Psychology Bulletin},
  year = {2000},
  volume = {26},
  pages = {1108--1119},
  number = {9},
  publisher = {Sage Publications}
}

@ARTICLE{hager:2004:volunteer,
  author = {Hager, Mark A and others},
  title = {Volunteer management capacity in America's charities and congregations:
	A briefing report},
  year = {2004},
  publisher = {The Urban Institute}
}

@ARTICLE{handy:2006:summer,
  author = {Handy, Femida and Brodeur, Nadine and Cnaan, Ram A},
  title = {Summer on the Island: Episodic volunteering},
  journal = {Voluntary Action},
  year = {2006},
  volume = {7},
  pages = {31-46},
  number = {3}
}

@ARTICLE{handy:2007:use,
  author = {Handy, Femida and Brudney, Jeffrey L},
  title = {When to use volunteer labor resources? An organizational analysis
	for nonprofit management},
  journal = {Departmental Papers (SPP)},
  year = {2007},
  pages = {91}
}

@ARTICLE{handy:2011:volunteering,
  author = {Handy, Femida and Mook, Laurie},
  title = {Volunteering and volunteers: Benefit-cost analyses},
  journal = {Research on Social Work Practice},
  year = {2011},
  volume = {21},
  pages = {412--420},
  number = {4},
  publisher = {SAGE Publications}
}

@ARTICLE{handy:2004:valuing,
  author = {Handy, Femida and Srinivasan, Narasimhan},
  title = {Valuing volunteers: An economic evaluation of the net benefits of
	hospital volunteers},
  journal = {Nonprofit and Voluntary Sector Quarterly},
  year = {2004},
  volume = {33},
  pages = {28--54},
  number = {1},
  publisher = {Sage Publications}
}

@ARTICLE{harrison:1995:volunteer,
  author = {Harrison, David A},
  title = {Volunteer motivation and attendance decisions: Competitive theory
	testing in multiple samples from a homeless shelter.},
  journal = {Journal of applied psychology},
  year = {1995},
  volume = {80},
  pages = {371},
  number = {3},
  publisher = {American Psychological Association}
}

@ARTICLE{haski:2011:volunteer,
  author = {Haski-Leventhal, Debbie and Meijs, Lucas CPM},
  title = {The volunteer matrix: Positioning of volunteer organizations},
  journal = {International Journal of Nonprofit and Voluntary Sector Marketing},
  year = {2011},
  volume = {16},
  pages = {127--137},
  number = {2},
  publisher = {Wiley Online Library}
}

@ARTICLE{hidalgo:2009:organizational,
  author = {Hidalgo, M Carmen and Moreno, Pilar},
  title = {Organizational socialization of volunteers: The effect on their intention
	to remain},
  journal = {Journal of Community Psychology},
  year = {2009},
  volume = {37},
  pages = {594--601},
  number = {5},
  publisher = {Wiley Online Library}
}

@ARTICLE{huck:2011:finding,
  author = {Huck, John and Al, Rodney and Rathi, Dinesh},
  title = {Finding KM solutions for a volunteer-based non-profit organization},
  journal = {VINE},
  year = {2011},
  volume = {41},
  pages = {26--40},
  number = {1},
  publisher = {Emerald Group Publishing Limited}
}

@ARTICLE{hustinx:2010:quit,
  author = {Hustinx, Lesley},
  title = {I quit, therefore I am? Volunteer turnover and the politics of self-actualization},
  journal = {Nonprofit and Voluntary Sector Quarterly},
  year = {2010},
  volume = {39},
  pages = {236--255},
  number = {2},
  publisher = {Sage Publications}
}

@ARTICLE{hustinx:2001:individualisation,
  author = {Hustinx, Lesley},
  title = {Individualisation and new styles of youth volunteering: an empirical
	exploration},
  journal = {Voluntary Action},
  year = {2001},
  volume = {3},
  number = {2}
}

@ARTICLE{hustinx:2010:navigating,
  author = {Hustinx, Lesley and Cnaan, Ram A and Handy, Femida},
  title = {Navigating theories of volunteering: A hybrid map for a complex phenomenon},
  journal = {Journal for the Theory of Social Behaviour},
  year = {2010},
  volume = {40},
  pages = {410--434},
  number = {4},
  publisher = {Wiley Online Library}
}

@ARTICLE{hustinx:2003:collective,
  author = {Hustinx, Lesley and Lammertyn, Frans},
  title = {Collective and reflexive styles of volunteering: A sociological modernization
	perspective},
  journal = {Voluntas: International Journal of Voluntary and Nonprofit Organizations},
  year = {2003},
  volume = {14},
  pages = {167--187},
  number = {2},
  publisher = {Springer}
}

@ARTICLE{jimenez:2010:differences,
  author = {Jim{\'e}nez, Mar{\'\i}a Luisa Vecina and Fuertes, Fernando Chac{\'o}n
	and Abad, Manuel J Sueiro},
  title = {Differences and similarities among volunteers who drop out during
	the first year and volunteers who continue after eight years},
  journal = {The Spanish journal of psychology},
  year = {2010},
  volume = {13},
  pages = {343--352},
  number = {01},
  publisher = {Cambridge Univ Press}
}

@ARTICLE{lafer:1991:attrition,
  author = {Lafer, Barbara},
  title = {The attrition of hospice volunteers},
  journal = {OMEGA--Journal of Death and Dying},
  year = {1991},
  volume = {23},
  pages = {161--168},
  number = {3},
  publisher = {Baywood}
}

@ARTICLE{locke:2003:hold,
  author = {Locke, Michael and Ellis, Angela and Smith, Justin Davis},
  title = {Hold on to what you’ve got: The volunteer retention literature},
  journal = {Voluntary Action},
  year = {2003},
  volume = {5},
  pages = {81--99},
  number = {3}
}

@ARTICLE{lopez:2004:volunteering,
  author = {Lopez, Mark Hugo},
  title = {Volunteering Among Young People. CIRCLE Fact Sheet.},
  journal = {Center for Information and Research on Civic Learning and Engagement},
  year = {2004},
  publisher = {ERIC}
}

@ARTICLE{macduff:2005:societal,
  author = {Macduff, Nancy},
  title = {Societal changes and the rise of the episodic volunteer},
  journal = {Emerging areas of volunteering},
  year = {2005},
  volume = {1},
  pages = {49--61},
  number = {2},
  publisher = {ARNOVA Occasional Paper Series}
}

@ARTICLE{macduff:1990:episodic,
  author = {Macduff, Nancy},
  title = {Episodic Volunteers: Reality for the Future.},
  journal = {Voluntary Action leadership},
  year = {1990},
  volume = {15},
  pages = {17},
  publisher = {ERIC}
}

@ARTICLE{macduff:2009:multiple,
  author = {Macduff, Nancy and Netting, F Ellen and O'Connor, Mary Katherine},
  title = {Multiple ways of coordinating volunteers with differing styles of
	service},
  journal = {Journal of Community Practice},
  year = {2009},
  volume = {17},
  pages = {400--423},
  number = {4},
  publisher = {Taylor \& Francis}
}

@BOOK{mccurley:1996:volunteer,
  title = {Volunteer management: Mobilizing all the resources in the community},
  publisher = {Heritage Arts Publishing},
  year = {1996},
  author = {McCurley, Steve and Lynch, Richard and Lynch, Rick}
}

@ARTICLE{miller:1990:determinants,
  author = {Miller, Lynn E and Powell, Gary N and Seltzer, Joseph},
  title = {Determinants of turnover among volunteers},
  journal = {Human Relations},
  year = {1990},
  volume = {43},
  pages = {901--917},
  number = {9},
  publisher = {Sage Publications}
}

@ARTICLE{mook:2014:individual,
  author = {Mook, Laurie and Farrell, Eddie and Chum, Antony and Handy, Femida
	and Schugurensky, Daniel and Quarter, Jack},
  title = {Individual and Organizational Factors in the Interchangeability of
	Paid Staff and Volunteers: Perspectives of Volunteers},
  journal = {Canadian journal of nonprofit and social economy research},
  year = {2014},
  volume = {5},
  number = {2}
}

@ARTICLE{mook:2005:accounting,
  author = {Mook, Laurie and Sousa, Jorge and Elgie, Susan and Quarter, Jack},
  title = {Accounting for the value of volunteer contributions},
  journal = {Nonprofit Management and Leadership},
  year = {2005},
  volume = {15},
  pages = {401--415},
  number = {4},
  publisher = {Wiley Online Library}
}

@article{meijs:2007:winning,
  title={Winning volunteer scenarios: The soul of a new machine},
  author={Meijs, LCPM and Brudney, Jeffrey L},
  journal={International Journal of Volunteer Administration},
  volume={24},
  number={6},
  pages={68--79},
  year={2007}
}

@article{hyde:2016:episodic,
  title={Episodic Volunteering and Retention An Integrated Theoretical Approach},
  author={Hyde, Melissa K and Dunn, Jeff and Bax, Caitlin and Chambers, Suzanne K},
  journal={Nonprofit and Voluntary Sector Quarterly},
  volume={45},
  number={1},
  pages={45--63},
  year={2016},
  publisher={SAGE Publications}
}

@ARTICLE{murk:1991:volunteers,
  author = {Murk, Peter J and Stephan, Jane F},
  title = {Volunteers: how to get them, train them and keep them},
  journal = {Economic Development Review},
  year = {1991}
}

@ARTICLE{nichols:2006:research,
  author = {Nichols, Geoff},
  title = {Research into Sports Volunteers: Reviewing the Questions},
  journal = {Voluntary Action},
  year = {2006},
  volume = {8},
  pages = {55-65},
  number = {1}
}

@INPROCEEDINGS{panciera:2009:wikipedians,
  author = {Panciera, Katherine and Halfaker, Aaron and Terveen, Loren},
  title = {Wikipedians are born, not made: a study of power editors on Wikipedia},
  booktitle = {Proceedings of the ACM 2009 international conference on Supporting
	group work},
  year = {2009},
  pages = {51--60},
  organization = {ACM}
}

@ARTICLE{pena:2007:knowledge,
  author = {Pe{\~n}a-L{\'o}pez, Ismael},
  title = {Knowledge Managers in Nonprofits},
  journal = {The journal of information technology in social change},
  year = {2007}
}

@TECHREPORT{pollock:2010:evaluation,
  author = {Pollock, Kristian and Armstrong, Sarah and Coveney, Catherine and
	Moore, John},
  title = {An Evaluation of Samaritans Telephone and Email Emotional Support
	Service},
  institution = {The University of Nottingham},
  year = {2010},
  url = {http://www.samaritans.org/sites/default/files/kcfinder/files/research/Samaritans_service_evaluation_Nottingham_Full_Report.pdf}
}

@ARTICLE{skoglund:2006:not,
  author = {Skoglund, Andrea Galiette},
  title = {Do not forget about your volunteers: A qualitative analysis of factors
	influencing volunteer turnover},
  journal = {Health and Social Work},
  year = {2006},
  volume = {31},
  pages = {217},
  number = {3},
  publisher = {NASW NATIONAL ASSOCIATION OF SOCIAL WORKERS}
}

@ARTICLE{smith:1994:determinants,
  author = {Smith, David Horton},
  title = {Determinants of voluntary association participation and volunteering:
	A literature review},
  journal = {Nonprofit and Voluntary Sector Quarterly},
  year = {1994},
  volume = {23},
  pages = {243--263},
  number = {3},
  publisher = {SAGE Publications}
}

@BOOK{smith:2006:dictionary,
  title = {A dictionary of nonprofit terms and concepts},
  publisher = {Indiana University Press},
  year = {2006},
 address = {Bloomington},
  author = {Smith, David Horton and Stebbins, Robert A and Dover, Michael A}
}

@TECHREPORT{stanley:2014:volunteer,
  author = {Andrew Stanley and Josh Schukman},
  title = {Volunteer Recruitment and Engagement 101},
  institution = {VolunteerMark},
  year = {2014},
  month = {Fall},
  url = {http://blog.volunteermark.com/}
}

@ARTICLE{starnes:2001:conceptual,
  author = {Starnes, Becky J and Wymer Jr, Walter W},
  title = {Conceptual foundations and practical guidelines for retaining volunteers
	who serve in local nonprofit organizations: Part II},
  journal = {Journal of Nonprofit \& Public Sector Marketing},
  year = {2001},
  volume = {9},
  pages = {97--118},
  number = {1-2},
  publisher = {Taylor \& Francis}
}

@ARTICLE{starnes:2000:demographics,
  author = {Starnes, Becky J and Wymer Jr, Walter W},
  title = {Demographics, personality traits, roles, motivations, and attrition
	rates of hospice volunteers},
  journal = {Journal of Nonprofit \& Public Sector Marketing},
  year = {2000},
  volume = {7},
  pages = {61--76},
  number = {2},
  publisher = {Taylor \& Francis}
}

@ARTICLE{steinberg:1990:labor,
  author = {Steinberg, Richard},
  title = {Labor economics and the nonprofit sector: A literature review},
  journal = {Nonprofit and Voluntary Sector Quarterly},
  year = {1990},
  volume = {19},
  pages = {151--169},
  number = {2},
  publisher = {Sage Publications}
}

@ARTICLE{tang:2010:older,
  author = {Tang, Fengyan and Morrow-Howell, Nancy and Choi, Eunhee},
  title = {Why do older adult volunteers stop volunteering?},
  journal = {Ageing and Society},
  year = {2010},
  volume = {30},
  pages = {859},
  number = {5},
  publisher = {Cambridge Univ Press}
}

@INPROCEEDINGS{tausczik:2014:building,
  author = {Tausczik, Yla R and Dabbish, Laura A and Kraut, Robert E},
  title = {Building loyalty to online communities through bond and identity-based
	attachment to sub-groups},
  booktitle = {Proceedings of the 17th ACM conference on Computer supported cooperative
	work \& social computing},
  year = {2014},
  pages = {146--157},
  organization = {ACM}
}

@INPROCEEDINGS{warburton:2006:volunteering,
  author = {Warburton, JR and Dann, S},
  title = {Volunteering by Seniors: Exploring the barriers and incentives to
	volunteer in later life},
  booktitle = {Volunteering Research Symposium},
  year = {2006},
  pages = {116--130},
  organization = {Volunteering Australia}
}

@INPROCEEDINGS{yamashita:2014:magnet,
  author = {Yamashita, Kazuhiro and McIntosh, Shane and Kamei, Yasutaka and Ubayashi,
	Naoyasu},
  title = {Magnet or sticky? an OSS project-by-project typology},
  booktitle = {Proceedings of the 11th Working Conference on Mining Software Repositories},
  year = {2014},
  pages = {344--347},
  organization = {ACM}
}

@OTHER{merrill:2001:rethinking,
  month = {September},
  note = {Retrieved from the WayBack Machine},
  url = {http://web.archive.org/web/20050427045834/http://www.merrillassociates.net/topic/2001/09/01/rethinking-episodic-volunteering/},
  publisher = {Merrill Associates},
  title = {Rethinking Episodic Volunteering},
  year = {2001}
}


@article{filo:2011:examining,
  title={Examining motivation for charity sport event participation: a comparison of recreation-based and charity-based motives},
  author={Filo, Kevin and Funk, Daniel C and O'Brien, Danny},
  journal={Journal of Leisure Research},
  volume={43},
  number={4},
  pages={491},
  year={2011},
  publisher={National Recreation and Park Association}
}


